<record><leader>00000cas a22000007a 4500</leader><controlfield tag="001">24527188</controlfield><controlfield tag="008">911010d18uu1886nbuuu ne      0    0eng d</controlfield><datafield ind1=" " ind2=" " tag="010"><subfield code="a">sn2007059016</subfield><subfield code="z">sn 91066766 </subfield></datafield><datafield ind1=" " ind2=" " tag="040"><subfield code="a">NYS</subfield><subfield code="b">eng</subfield><subfield code="c">NYS</subfield><subfield code="d">DLC</subfield><subfield code="d">OCLCQ</subfield></datafield><datafield ind1=" " ind2=" " tag="042"><subfield code="a">msc</subfield></datafield><datafield ind1="0" ind2=" " tag="130"><subfield code="a">Genoa enterprise (Genoa, Neb.)</subfield></datafield><datafield ind1="1" ind2="4" tag="245"><subfield code="a">The Genoa enterprise.</subfield></datafield><datafield ind1=" " ind2=" " tag="260"><subfield code="a">Genoa, Neb. :</subfield><subfield code="b">E.G. Cook &amp; W.R. Davis</subfield></datafield><datafield ind1=" " ind2=" " tag="300"><subfield code="a">v.</subfield></datafield><datafield ind1="1" ind2=" " tag="362"><subfield code="a">Ceased in 1886?</subfield></datafield><datafield ind1=" " ind2=" " tag="588"><subfield code="a">Description based on: Vol. 5, no. 18 (Nov. 29, 1883).</subfield></datafield><datafield ind1=" " ind2=" " tag="752"><subfield code="a">United States</subfield><subfield code="b">Nebraska</subfield><subfield code="c">Nance</subfield><subfield code="d">Genoa.</subfield></datafield><datafield ind1="0" ind2="0" tag="780"><subfield code="t">Genoa leader (Genoa, Neb. : 1879)</subfield></datafield><datafield ind1="0" ind2="0" tag="785"><subfield code="t">Genoa leader (Genoa, Neb. : 1886)</subfield></datafield></record>